%% This BibTeX bibliography file was created using BibDesk.
%% http://bibdesk.sourceforge.net/

%% Created for Timothy Bretl at 2017-04-19 16:18:30 -0500 


%% Saved with string encoding Unicode (UTF-8) 



@book{Astrom2010,
	Author = {K. J. Astr{\"o}m and R. M. Murray},
	Date-Added = {2017-04-19 21:18:21 +0000},
	Date-Modified = {2017-04-19 21:18:25 +0000},
	Edition = {First},
	Isbn = {9781400828739},
	Publisher = {Princeton University Press},
	Title = {Feedback Systems: An Introduction for Scientists and Engineers},
	Url = {http://www.cds.caltech.edu/~murray/amwiki/index.php/First_Edition},
	Year = {2010},
	Bdsk-Url-1 = {http://www.cds.caltech.edu/~murray/amwiki/index.php/First_Edition}}

@article{Tobias2014,
	Author = {Zaiczek Tobias and Franke Matthias},
	Date-Added = {2017-04-19 15:19:59 +0000},
	Date-Modified = {2017-04-19 15:22:14 +0000},
	Doi = {10.2478/meceng-2014-0019},
	Isbn = {23001895},
	J2 = {meceng},
	Journal = {Archive of Mechanical Engineering},
	M1 = {2},
	Month = apr,
	Number = {2},
	Pages = {331-346},
	Title = {Tracking Control of A Balancing Robot---A Model-Based Approach},
	Ty = {GENERIC},
	Url = {http://dx.doi.org/10.2478/meceng-2014-0019},
	Volume = {61},
	Year = {2014},
	Bdsk-Url-1 = {//www.degruyter.com/view/j/meceng.2014.61.issue-2/meceng-2014-0019/meceng-2014-0019.xml%20%20},
	Bdsk-Url-2 = {http://dx.doi.org/10.2478/meceng-2014-0019%20}}

@mastersthesis{Mak2015,
	Author = {Y. X. Mak},
	Date-Added = {2017-04-19 15:18:29 +0000},
	Date-Modified = {2017-04-19 15:18:29 +0000},
	School = {University of Twente},
	Title = {Realization of mini segway robot using NI MyRIO},
	Type = {Essay (Bachelor)},
	Url = {http://purl.utwente.nl/essays/67004},
	Year = {2015},
	Bdsk-Url-1 = {http://purl.utwente.nl/essays/67004}}
