%% This BibTeX bibliography file was created using BibDesk.
%% http://bibdesk.sourceforge.net/

%% Created for Timothy Bretl at 2017-04-19 16:18:30 -0500 


%% Saved with string encoding Unicode (UTF-8) 



@book{Astrom2010,
	Author = {K. J. Astr{\"o}m and R. M. Murray},
	Edition = {First},
	Isbn = {9781400828739},
	Publisher = {Princeton University Press},
	Title = {Feedback Systems: An Introduction for Scientists and Engineers},
	Url = {http://www.cds.caltech.edu/~murray/amwiki/index.php/First_Edition},
	Year = {2010}}

@article{Tobias2014,
	Author = {Zaiczek Tobias and Franke Matthias},
	J2 = {meceng},
	Journal = {Archive of Mechanical Engineering},
	M1 = {2},
	Month = apr,
	Number = {2},
	Pages = {331-346},
	Title = {Tracking Control of A Balancing Robot---A Model-Based Approach},
	Ty = {GENERIC},
	Url = {http://dx.doi.org/10.2478/meceng-2014-0019},
	Volume = {61},
	Year = {2014}}

@mastersthesis{Mak2015,
	Author = {Y. X. Mak},
	School = {University of Twente},
	Title = {Realization of mini segway robot using NI MyRIO},
	Type = {Essay (Bachelor)},
	Url = {http://purl.utwente.nl/essays/67004},
	Year = {2015}}
