%% This BibTeX bibliography file was created using BibDesk.
%% http://bibdesk.sourceforge.net/

%% Created for Timothy Bretl at 2017-02-24 08:53:20 -0600 


%% Saved with string encoding Unicode (UTF-8) 



@article{Roy2009,
	Author = {B. Roy and H. H. Asada},
	Date-Added = {2017-02-24 14:52:40 +0000},
	Date-Modified = {2017-02-24 14:53:07 +0000},
	Doi = {10.1109/TRO.2009.2025067},
	Issn = {1552-3098},
	Journal = IEEE_J_RO,
	Keywords = {Lyapunov methods;actuators;aerospace components;aircraft control;aircraft manufacture;closed loop systems;control system synthesis;convergence;feedback;manipulator dynamics;nonlinear control systems;robotic assembly;torque control;Lyapunov function;actuator;aircraft assembly operation;aircraft manufacturing;aircraft wings;angular position;closed-loop control design;convergence domain;gravitational torque drive;gravity-assisted underactuated manipulator;hyper articulated arm;nonlinear feedback control;prototype three-link system;second-order nonholonomic constraint;snake-like robot;unactuated link dynamics;underactuated arm design;Gravity assisted;nonlinear feedback control;underactuated manipulator},
	Month = oct,
	Number = {5},
	Pages = {1125-1133},
	Title = {Nonlinear Feedback Control of a Gravity-Assisted Underactuated Manipulator With Application to Aircraft Assembly},
	Volume = {25},
	Year = {2009},
	Bdsk-Url-1 = {http://dx.doi.org/10.1109/TRO.2009.2025067}}
