@misc{Bonafilia,
	Author = {Brian Bonafilia, Nicklas Gustafsson, Per Nyman, and Sebastian Nilsson},
	Title = {Self-Balancing two-wheeled robot},
	url = {https://pdfs.semanticscholar.org/ad7a/3b833695e8e01c1d41043c75c770276c923c.pdf}}
	
@misc{TAM212,
	Author = {Matthew West},
	Title = {Rolling Motion Dynamics Reference},
	url = {http://dynref.engr.illinois.edu/rko.html}}